
@Article{2018_Dafonte,
AUTHOR = {Dafonte, Carlos and Garabato, Daniel and √Ålvarez, Marco A. and Manteiga, Minia},
TITLE = {Distributed Fast Self-Organized Maps for Massive Spectrophotometric Data Analysis},
JOURNAL = {Sensors},
VOLUME = {18},
YEAR = {2018},
NUMBER = {5},
ARTICLE-NUMBER = {1419},
}


@inproceedings{2018_Tolstikhin,
  author    = {Ilya O. Tolstikhin and
               Olivier Bousquet and
               Sylvain Gelly and
               Bernhard Sch{\"{o}}lkopf},
  title     = {Wasserstein Auto-Encoders},
  booktitle = {6th International Conference on Learning Representations, {ICLR} 2018,
               Vancouver, BC, Canada, April 30 - May 3, 2018, Conference Track Proceedings},
  year      = {2018},
  crossref  = {DBLP:conf/iclr/2018},
  ee={http://arxiv.org/abs/1711.01558},
  pages={1--20},
}

@article{Lowe2004,
  title={Distinctive Image Features from Scale-Invariant Keypoints},
  author={David G. Lowe},
  journal={International Journal of Computer Vision},
  year={2004},
  volume={60},
  pages={91-110}
}

@inproceedings{Dalal2005,
  author={Navneet Dalal and Bill Triggs},
  title={Histograms of Oriented Gradients for Human Detection},
  booktitle={2005 IEEE Computer Society Conference on Computer Vision and Pattern Recognition (CVPR'05)},
  year={2005},
  volume={1},
  pages={886-893}
}

@article{fukushima:neocognitronbc,
  added-at = {2008-03-11T14:52:34.000+0100},
  author = {Fukushima, Kunihiko},
  biburl = {https://www.bibsonomy.org/bibtex/29ecd878c4827c46dab6b9622cfa00072/idsia},
  citeulike-article-id = {2376719},
  interhash = {303975e6400e477e91c91e7dc2c47544},
  intrahash = {9ecd878c4827c46dab6b9622cfa00072},
  journal = {Biological Cybernetics},
  keywords = {nn},
  pages = {193--202},
  priority = {2},
  timestamp = {2008-03-11T15:04:22.000+0100},
  title = {{N}eocognitron: {A} Self-Organizing Neural Network Model for a Mechanism of Pattern Recognition Unaffected by Shift in Position},
  volume = 36,
  year = 1980
}

@article{Hubel1968,
  title={Receptive fields and functional architecture of monkey striate cortex},
  author={David H. Hubel and Torsten N. Wiesel},
  journal={The Journal of Physiology},
  year={1968},
  volume={195},
  url={https://api.semanticscholar.org/CorpusID:7136759}
}

@ARTICLE{726791,
  author={Lecun, Y. and Bottou, L. and Bengio, Y. and Haffner, P.},
  journal={Proceedings of the IEEE}, 
  title={Gradient-based learning applied to document recognition}, 
  year={1998},
  volume={86},
  number={11},
  pages={2278-2324},
  keywords={Neural networks;Pattern recognition;Machine learning;Optical character recognition software;Character recognition;Feature extraction;Multi-layer neural network;Optical computing;Hidden Markov models;Principal component analysis},
  doi={10.1109/5.726791}
}

@article{Krizhevsky2012ImageNetCW,
  title={ImageNet classification with deep convolutional neural networks},
  author={Alex Krizhevsky and Ilya Sutskever and Geoffrey E. Hinton},
  journal={Communications of the ACM},
  year={2012},
  volume={60},
  pages={84 - 90},
  url={https://api.semanticscholar.org/CorpusID:195908774}
}

@misc{simonyan2015deepconvolutionalnetworkslargescale,
      title={Very Deep Convolutional Networks for Large-Scale Image Recognition}, 
      author={Karen Simonyan and Andrew Zisserman},
      year={2015},
      eprint={1409.1556},
      archivePrefix={arXiv},
      primaryClass={cs.CV},
      url={https://arxiv.org/abs/1409.1556}, 
}

@misc{szegedy2014goingdeeperconvolutions,
      title={Going Deeper with Convolutions}, 
      author={Christian Szegedy and Wei Liu and Yangqing Jia and Pierre Sermanet and Scott Reed and Dragomir Anguelov and Dumitru Erhan and Vincent Vanhoucke and Andrew Rabinovich},
      year={2014},
      eprint={1409.4842},
      archivePrefix={arXiv},
      primaryClass={cs.CV},
      url={https://arxiv.org/abs/1409.4842}, 
}

@inproceedings{inproceedings,
author = {Bezdan, Timea and Bacanin, Nebojsa},
year = {2019},
month = {01},
pages = {445-451},
title = {Convolutional Neural Network Layers and Architectures},
doi = {10.15308/Sinteza-2019-445-451}
}

@misc{manning2024,
  author       = {Eli Stevens and Luca Antiga and Thomas Viehmann},
  title        = {Deep Learning for Vision Systems, Chapter 5},
  url          = {https://livebook.manning.com/book/deep-learning-for-vision-systems/chapter-5/v-3/34},
}

@misc{he2015deepresiduallearningimage,
      title={Deep Residual Learning for Image Recognition}, 
      author={Kaiming He and Xiangyu Zhang and Shaoqing Ren and Jian Sun},
      year={2015},
      eprint={1512.03385},
      archivePrefix={arXiv},
      primaryClass={cs.CV},
      url={https://arxiv.org/abs/1512.03385}, 
}

@article{Uijlings2013SelectiveSF,
  title={Selective Search for Object Recognition},
  author={Jasper R. R. Uijlings and Koen E. A. van de Sande and Theo Gevers and Arnold W. M. Smeulders},
  journal={International Journal of Computer Vision},
  year={2013},
  volume={104},
  pages={154 - 171},
  url={https://api.semanticscholar.org/CorpusID:216077384}
}

@misc{girshick2014richfeaturehierarchiesaccurate,
      title={Rich feature hierarchies for accurate object detection and semantic segmentation}, 
      author={Ross Girshick and Jeff Donahue and Trevor Darrell and Jitendra Malik},
      year={2014},
      eprint={1311.2524},
      archivePrefix={arXiv},
      primaryClass={cs.CV},
      url={https://arxiv.org/abs/1311.2524}, 
}

@misc{girshick2015fastrcnn,
      title={Fast R-CNN}, 
      author={Ross Girshick},
      year={2015},
      eprint={1504.08083},
      archivePrefix={arXiv},
      primaryClass={cs.CV},
      url={https://arxiv.org/abs/1504.08083}, 
}

@INPROCEEDINGS{6751111,
  author={Wang, Xiaoyu and Yang, Ming and Zhu, Shenghuo and Lin, Yuanqing},
  booktitle={2013 IEEE International Conference on Computer Vision}, 
  title={Regionlets for Generic Object Detection}, 
  year={2013},
  volume={},
  number={},
  pages={17-24},
  keywords={Feature extraction;Boosting;Object detection;Deformable models;Prototypes;Search problems;Layout;Regionlet;Object Detection;DPM;Deformation;Subcategory;PASCAL;ImageNet;Detection},
  doi={10.1109/ICCV.2013.10}
}

@misc{redmon2016lookonceunifiedrealtime,
      title={You Only Look Once: Unified, Real-Time Object Detection}, 
      author={Joseph Redmon and Santosh Divvala and Ross Girshick and Ali Farhadi},
      year={2016},
      eprint={1506.02640},
      archivePrefix={arXiv},
      primaryClass={cs.CV},
      url={https://arxiv.org/abs/1506.02640}, 
}

@misc{ren2016fasterrcnnrealtimeobject,
      title={Faster R-CNN: Towards Real-Time Object Detection with Region Proposal Networks}, 
      author={Shaoqing Ren and Kaiming He and Ross Girshick and Jian Sun},
      year={2016},
      eprint={1506.01497},
      archivePrefix={arXiv},
      primaryClass={cs.CV},
      url={https://arxiv.org/abs/1506.01497}, 
}

@misc{carion2020endtoendobjectdetectiontransformers,
      title={End-to-End Object Detection with Transformers}, 
      author={Nicolas Carion and Francisco Massa and Gabriel Synnaeve and Nicolas Usunier and Alexander Kirillov and Sergey Zagoruyko},
      year={2020},
      eprint={2005.12872},
      archivePrefix={arXiv},
      primaryClass={cs.CV},
      url={https://arxiv.org/abs/2005.12872}, 
}

@misc{zhu2021deformabledetrdeformabletransformers,
      title={Deformable DETR: Deformable Transformers for End-to-End Object Detection}, 
      author={Xizhou Zhu and Weijie Su and Lewei Lu and Bin Li and Xiaogang Wang and Jifeng Dai},
      year={2021},
      eprint={2010.04159},
      archivePrefix={arXiv},
      primaryClass={cs.CV},
      url={https://arxiv.org/abs/2010.04159}, 
}

@misc{tian2019fcosfullyconvolutionalonestage,
      title={FCOS: Fully Convolutional One-Stage Object Detection}, 
      author={Zhi Tian and Chunhua Shen and Hao Chen and Tong He},
      year={2019},
      eprint={1904.01355},
      archivePrefix={arXiv},
      primaryClass={cs.CV},
      url={https://arxiv.org/abs/1904.01355}, 
}

@misc{law2019cornernetdetectingobjectspaired,
      title={CornerNet: Detecting Objects as Paired Keypoints}, 
      author={Hei Law and Jia Deng},
      year={2019},
      eprint={1808.01244},
      archivePrefix={arXiv},
      primaryClass={cs.CV},
      url={https://arxiv.org/abs/1808.01244}, 
}

@misc{duan2019centernetkeypointtripletsobject,
      title={CenterNet: Keypoint Triplets for Object Detection}, 
      author={Kaiwen Duan and Song Bai and Lingxi Xie and Honggang Qi and Qingming Huang and Qi Tian},
      year={2019},
      eprint={1904.08189},
      archivePrefix={arXiv},
      primaryClass={cs.CV},
      url={https://arxiv.org/abs/1904.08189}, 
}

@misc{bochkovskiy2020yolov4optimalspeedaccuracy,
      title={YOLOv4: Optimal Speed and Accuracy of Object Detection}, 
      author={Alexey Bochkovskiy and Chien-Yao Wang and Hong-Yuan Mark Liao},
      year={2020},
      eprint={2004.10934},
      archivePrefix={arXiv},
      primaryClass={cs.CV},
      url={https://arxiv.org/abs/2004.10934}, 
}

@software{ultralytics_yolov5,
  author = {Ultralytics},
  title = {ultralytics/yolov5: v7.0 - YOLOv5 SOTA Realtime Instance Segmentation},
  year = {2022},
  url = {https://github.com/ultralytics/yolov5},
  note = {Accessed: 7th May, 2023},
  doi = {10.5281/zenodo.7347926}
}

@article{Khanam2024YOLOv11,
  title={YOLOv11: An Overview of the Key Architectural Enhancements},
  author={Rahima Khanam and Muhammad Hussain},
  journal={arXiv preprint arXiv:2410.17725},
  year={2024},
  url={https://arxiv.org/abs/2410.17725}
}

@misc{zhao2024detrsbeatyolosrealtime,
      title={DETRs Beat YOLOs on Real-time Object Detection}, 
      author={Yian Zhao and Wenyu Lv and Shangliang Xu and Jinman Wei and Guanzhong Wang and Qingqing Dang and Yi Liu and Jie Chen},
      year={2024},
      eprint={2304.08069},
      archivePrefix={arXiv},
      primaryClass={cs.CV},
      url={https://arxiv.org/abs/2304.08069}, 
}

@misc{wang2021learnrepresentationunifiednetwork,
      title={You Only Learn One Representation: Unified Network for Multiple Tasks}, 
      author={Chien-Yao Wang and I-Hau Yeh and Hong-Yuan Mark Liao},
      year={2021},
      eprint={2105.04206},
      archivePrefix={arXiv},
      primaryClass={cs.CV},
      url={https://arxiv.org/abs/2105.04206}, 
}

@misc{liu2022swintransformerv2scaling,
      title={Swin Transformer V2: Scaling Up Capacity and Resolution}, 
      author={Ze Liu and Han Hu and Yutong Lin and Zhuliang Yao and Zhenda Xie and Yixuan Wei and Jia Ning and Yue Cao and Zheng Zhang and Li Dong and Furu Wei and Baining Guo},
      year={2022},
      eprint={2111.09883},
      archivePrefix={arXiv},
      primaryClass={cs.CV},
      url={https://arxiv.org/abs/2111.09883}, 
}